<?xml version="1.0" encoding="UTF-8"?><collection xmlns="http://www.loc.gov/MARC21/slim"><record><leader>00358nam--2200121-i-4500</leader><controlfield tag="001">000020668</controlfield><controlfield tag="002">20161230</controlfield><controlfield tag="005">20161230201033</controlfield><controlfield tag="008">060222s1000------------r-----000-0-eng-d</controlfield><datafield ind1=" " ind2=" " tag="080"><subfield code="a">017</subfield></datafield><datafield ind1=" " ind2=" " tag="245"><subfield code="a">Repertoriul colectiv al periodicelor straine intrate in bibliotecile din romania 1993-1994</subfield></datafield><datafield ind1=" " ind2=" " tag="260"><subfield code="a">Bucuresti, Biblioteca Nationala, 1996 489 P</subfield></datafield><datafield ind1=" " ind2=" " tag="852"><subfield code="a">44754</subfield></datafield></record></collection>